
@online{ISO7816.2015,
 author = {Jacquinot Consulting Inc},
 date = {2015-08-09},
 title = {ISO 7816-4: Interindustry Commands for Interchange, Part 5: Basic Organizations},
 url = {http://www.cardwerk.com/smartcards/smartcard\_standard\_ISO7816-4\_5\_basic_organizations.aspx},
 urldate = {2015-08-23}
}
@collection{Markantonakis.2014,
 year = {2014},
 title = {Secure Smart Embedded Devices, Platforms and Applications},
 url = {http://dx.doi.org/10.1007/978-1-4614-7915-4},
 publisher = {Springer New York},
 isbn = {978-1-4614-7915-4},
 editor = {Markantonakis, Konstantinos and Mayes, Keith},
 abstract = {New generations of IT users are increasingly abstracted from the underlying devices and platforms that provide and safeguard their services. As a result they may have little awareness that they are critically dependent on the embedded security devices that are becoming pervasive in daily modern life. Secure Smart Embedded Devices, Platforms and Applications provides a broad overview of the many security and practical issues of embedded devices, tokens, and their operation systems, platforms and main applications. It also addresses a diverse range of industry/government initiatives and considerations, while focusing strongly on technical and practical security issues. The benefits and pitfalls of developing and deploying applications that rely on embedded systems and their security functionality are presented. A sufficient level of technical detail to support embedded systems is provided throughout the text, although the book is quite readable for those seeking awareness through an initial overview of the topics. This edited volume benefits from the contributions of industry and academic experts and helps provide a cross-discipline overview of the security and practical issues for embedded systems, tokens, and platforms. It is an ideal complement to the earlier work, Smart Cards Tokens, Security and Applications from the same editors},
 location = {New York, NY, s.l}
}

@book{Eckert.2013,
 author = {Eckert, Claudia},
 year = {2013},
 title = {IT-Sicherheit},
 edition = {8. Auflage},
 publisher = {Oldenbourg},
 subtitle = {Konzepte - Verfahren - Protokolle},
 location = {M{\"u}nchen},
 abstract = {Claudia Eckert beschreibt hier systematisch, welche Aspekte bei der Planung sicherer informationstechnischer Systeme eine Rolle spielen und welche verschiedenen Ans{\"a}tze verfolgt werden k{\"o}nnen. Sie stellt die Verfahren und Protokolle, die zur Umsetzung der Sicherheitsanforderungen ben{\"o}tigt werden, detailliert vor und erl{\"a}utert sie anhand von Fallbeispielen. Ein Muss f{\"u}r jeden, der sich mit der hochaktuellen Problematik {\dq}IT-Sicherheit{\dq} besch{\"a}ftigt.}
}
